@online{svelte,
    TITLE = {Svelte},
    URL = {https://svelte.dev},
    URLDATE = {2024-04-29}
}

@online{tensorflowjs,
    TITLE = {TensorFlow.js},
    URL = {https://www.tensorflow.org/js},
    URLDATE = {2024-04-29}
}

@online{bluetoothapi,
    TITLE = {Web Bluetooth API - Web APIs | {MDN}},
    URL = {https://developer.mozilla.org/en-US/docs/Web/API/Web_Bluetooth_API},
    URLDATE = {2024-04-29}
}

@online{microbitservices,
    TITLE = {Bluetooth Developer Studio - Profile Report},
    URL = {https://lancaster-university.github.io/microbit-docs/resources/bluetooth/bluetooth_profile.html},
    URLDATE = {2024-04-29}
}

@online{magnetometerservice,
    TITLE = {Magnetometer{S}ervice - micro:bit runtime},
    URL = {https://lancaster-university.github.io/microbit-docs/ble/magnetometer-service/},
    URLDATE = {2024-04-29}
}

@online{cloudflare,
    TITLE = {Cloudflare},
    URL = {https://www.cloudflare.com},
    URLDATE = {2024-05-01}
}

@online{smoothies,
    TITLE = {smoothie},
    URL = {https://github.com/joewalnes/smoothie},
    URLDATE = {2024-05-01}
}

@online{makecode,
    TITLE = {Microsoft {M}ake{C}ode Source code},
    URL = {https://github.com/microsoft/pxt},
    URLDATE = {2024-05-01}
}
